4312 5692
1052 628 1091 710 4

300 880 400 954 tandi
420 880 577 955 libenter
601 853 772 980 agnosco,
795 878 986 956 veritatem
1005 895 1045 956 ut
1063 905 1259 983 agnoscam
1281 875 1503 952 nullomodo
1525 875 1702 969 adducor,
1724 902 1844 975 neque

232 1033 235 1040 ’
299 1015 431 1090 melius
459 1015 506 1090 de
527 1016 598 1091 boc
626 1017 786 1091 carmine
801 1015 957 1093 iudicari
980 1043 1090 1118 posse
1106 1017 1289 1108 existimo,
1316 1012 1489 1113 quamde
1511 1012 1706 1111 theogonia
1726 1037 1845 1113 nuper

300 1176 321 1225 a
346 1176 406 1226 me
433 1151 634 1227 iudicatum
662 1164 738 1248 est,
772 1177 883 1250 quum
908 1148 991 1229 eam
1020 1153 1303 1254 compositorem
1331 1148 1489 1249 prodere
1516 1148 1592 1223 dixi
1620 1174 1714 1249 opus
1741 1148 1845 1248 quasi

301 1288 526 1362 tessellatum
555 1313 602 1362 cx
627 1287 737 1362 variis
756 1298 865 1387 atque
884 1287 1120 1366 dissimilibus
1134 1288 1299 1388 partibus
1322 1284 1542 1361 concinnare
1561 1295 1743 1378 conatum,
1772 1284 1846 1384 qui,

302 1448 414 1520 quum
442 1423 636 1498 universae
660 1423 808 1523 quidem
837 1422 1114 1521 compositionis
1145 1419 1336 1497 consilium
1371 1428 1408 1491 et
1434 1417 1721 1517 descriptionem
1749 1418 1846 1491 baud

299 1555 424 1655 inepte
448 1556 679 1651 instituisset,
706 1569 826 1632 tamen
853 1555 1147 1654 aequabilitatem
1171 1556 1329 1655 partium
1346 1554 1554 1653 iustamque
1568 1553 1845 1653 proportionem

300 1715 429 1789 parum
458 1704 624 1787 curaret,
656 1717 781 1792 neque
816 1692 862 1767 ad
894 1691 1021 1767 scitam
1056 1702 1094 1766 et
1122 1702 1243 1790 aptam
1275 1715 1402 1765 earum
1437 1692 1644 1767 iuncturam
1676 1700 1714 1764 et
1742 1689 1846 1789 qnasi
1913 1707 1919 1737 ⁶

302 1826 446 1900 mollem
470 1825 651 1923 quandam
676 1827 922 1900 membrorum
950 1825 1227 1901 commissuram
1253 1827 1485 1902 efficiendam
1506 1825 1597 1901 satis
1617 1838 1681 1901 aut
1699 1824 1847 1925 iugenio

302 1970 465 2034 antarta
487 1961 637 2039 valeret.
690 1960 887 2036 Assentior
909 1960 1033 2059 itaque
1055 1960 1093 2035 iu
1116 1960 1328 2037 universum
1353 1961 1412 2056 iis,
1441 1961 1503 2061 qui
1529 1973 1654 2061 partes
1676 1961 1767 2036 istas
1793 1960 1846 2035 in-

301 2096 476 2192 aequales
502 2106 541 2169 et
566 2096 659 2169 mole
686 2096 909 2195 compositas
934 2096 1188 2171 discriminare
1215 2099 1380 2196 aggressi
1407 2109 1510 2191 sant,
1538 2119 1755 2196 quamquam
1778 2097 1847 2171 bos

301 2230 403 2329 ipsos
433 2254 502 2309 uec
535 2229 583 2304 de
609 2254 763 2306 numero
795 2256 920 2307 earum
948 2257 1017 2307 nec
1046 2232 1093 2307 de
1122 2233 1438 2333 uniuscuiusque
1472 2234 1608 2309 ambitu
1635 2228 1848 2308 deliniendo

301 2366 408 2464 plane
434 2366 832 2454 internumerare
858 2368 979 2442 video.
1032 2369 1125 2444 Nam
1146 2368 1226 2462 alii,
1253 2380 1295 2443 ut
1320 2368 1556 2443 Twestenius
1569 2374 1624 2466 ¹),
1652 2370 1713 2466 qni
1736 2369 1847 2444 buius

301 2501 503 2577 subtilioris
528 2500 773 2599 inquisitionis
794 2504 969 2605 princeps
995 2506 1083 2599 fuit,
1118 2504 1281 2605 quinque
1305 2516 1430 2604 partes
1454 2504 1630 2599 maiores,
1664 2506 1756 2580 duas
1783 2505 1849 2580 mi-

301 2655 411 2713 nores
440 2636 679 2736 distinguunt,
705 2638 778 2732 alii,
802 2650 843 2713 ut
868 2637 1183 2741 Goetuingius2)‚
1209 2641 1329 2716 editor
1342 2640 1503 2715 Hesiodi
1529 2640 1637 2740 longe
1659 2653 1848 2740 praestan-

302 2771 477 2863 tissimus,
503 2798 635 2849 novem
656 2799 741 2853 esse
761 2775 898 2862 volunt,
925 2776 1085 2868 denique
1100 2778 1281 2871 Heyerus
1293 2777 1344 2867 ⁸),
1370 2776 1475 2851 cuins
1493 2801 1566 2852 non
1582 2775 1849 2853 contemnenda

302 2913 405 2978 extat
439 2903 486 2976 de
519 2903 590 2976 boc
618 2902 779 2975 carmine
810 2902 1087 2995 commentatio,
1121 2902 1283 3001 priorem
1321 2914 1483 3000 partem,
1517 2928 1612 3001 quae
1641 2905 1849 2981 continetur

303 3064 359 3114 vv.
374 3036 571 3129 11-382,
596 3058 665 3112 sex
694 3036 892 3113 maioribus
915 3048 954 3112 et
978 3036 1161 3113 continuis
1188 3036 1369 3135 poematis
1400 3038 1638 3135 compositam
1667 3064 1751 3113 esse
1777 3051 1849 3114 sta·

303 3174 390 3266 tuit,
419 3173 466 3248 de
496 3173 611 3244 altera
635 3180 760 3269 parte,
794 3179 816 3244 a
843 3197 877 3246 v.
890 3171 964 3247 382
978 3171 1023 3246 ad
1038 3170 1133 3264 828,
1172 3170 1261 3245 nibil
1289 3170 1402 3262 dixit3
1441 3173 1599 3247 dubitari
1628 3185 1848 3248 tamennon

302 3319 444 3407 potest,
490 3305 578 3401 quin
621 3304 730 3379 buius
772 3317 943 3403 quattuor
985 3306 1172 3379 minimum
1209 3307 1407 3403 particulas
1442 3306 1682 3382 distincturus
1722 3309 1847 3383 bresit.

302 3439 487 3537 Equidem
514 3460 637 3511 meum
660 3437 735 3512 'bac
762 3436 810 3511 de
836 3462 879 3511 re
903 3437 1080 3513 iudicium
1105 3462 1202 3513 nunc
1230 3438 1600 3538 interponere-belm
1636 3444 1702 3518 sed
1735 3469 1848 3520 unum

303 3587 446 3674 tangam
466 3573 505 3650 in
532 3571 751 3672 Goettlingii
774 3571 1033 3671 disputatione,
1060 3574 1158 3672 quod
1186 3574 1273 3651 mibi
1301 3574 1419 3650 minus
1441 3588 1545 3650 recte
1567 3601 1588 3650 a
1611 3578 1690 3654 viro
1713 3579 1849 3655 doctis·

303 3711 396 3785 simo
422 3709 582 3808 positum
607 3732 692 3782 esse
719 3706 878 3784 videtur.
928 3710 1023 3784 Nam
1050 3709 1255 3784 sententiae
1281 3735 1372 3786 suae
1398 3711 1446 3786 de
1473 3712 1629 3788 diversis
1656 3715 1743 3790 olim
1770 3740 1849 3791 car-

305 3844 461 3923 minibus
489 3844 697 3944 posteriore
723 3841 870 3919 demum
894 3855 1061 3942 tempore
1082 3844 1119 3919 in
1142 3845 1213 3918 boc
1233 3868 1369 3944 corpus
1394 3846 1561 3930 conflatis
1584 3849 1721 3948 aliquid
1742 3874 1847 3949 prae-

305 3980 389 4055 sidii
422 3979 532 4056 etiam
564 3978 649 4053 binc
685 3978 795 4076 petit,
827 3977 927 4076 quod
959 3980 1154 4053 nonnullae
1186 3991 1312 4078 partes
1346 3983 1424 4056 suis
1455 3976 1702 4082 peculiaribus
1732 3985 1847 4061 titulis

215 4215 217 4218 Α
305 4114 480 4214 appellari
507 4113 636 4188 solitae
664 4113 755 4187 sint:
782 4114 961 4196 Πανδώραν
984 4113 1079 4187 enirn
1104 4115 1162 4188 vel
1189 4114 1356 4202 ceresolas
1384 4129 1651 4217 campartem,
1679 4143 1773 4218 quae
1800 4121 1849 4195 sit

471 4433 500 4498 1)
536 4433 688 4485 comment
706 4431 766 4484 crit.
785 4432 819 4483 de
836 4430 954 4483 llesiodi
966 4431 1087 4483 carmine
1107 4430 1178 4498 quod
1199 4431 1359 4485 inscribitur
1371 4432 1462 4501 Opere
1476 4442 1503 4486 et
1516 4434 1589 4486 Dies.
1611 4409 1846 4502 ululatuum.

474 4519 505 4582 2)
541 4517 663 4570 Praeful.
682 4519 715 4570 ad
736 4518 851 4570 Hesiod.
870 4518 914 4569 ed·
933 4522 958 4570 2.
979 4536 1004 4584 p.
1017 4518 1122 4571 xxxv.
1142 4537 1201 4586 sqq.

471 4603 502 4667 8)
538 4603 577 4654 lis
597 4601 712 4655 Hesiodi
732 4619 817 4655 carru.
837 4603 908 4670 quod
928 4602 979 4669 0p.
1000 4603 1077 4655 etl).
1096 4604 1257 4657 inscribitur
1277 4612 1439 4666 commem,
1460 4603 1486 4655 in
1507 4620 1598 4673 progr.
1620 4604 1760 4675 gymnasii
1778 4605 1847 4658 Sua·

307 4685 424 4738 rirouis
441 4703 500 4740 ann.
515 4688 590 4740 1048.
609 4705 634 4754 p.
645 4690 671 4741 9.
