4312 5692
423 873 688 951 inconcinnitas
704 872 912 948 videtur.·-
937 872 1109 948 Alterum
1130 872 1424 972 interpolationis
1438 873 1632 973 vestigium
1652 875 1815 974 pertinet
1830 875 1877 950 ad
1895 900 1980 950 euru

424 1015 557 1103 locum,
585 1009 647 1109 qni
679 1021 738 1084 est
763 1034 798 1084 v.
815 1008 1053 1103 633-640,
1080 1008 1141 1083 ubi
1168 1018 1275 1109 pater
1299 1008 1460 1084 Hesiodi
1488 1022 1664 1108 quaestus
1689 1033 1802 1085 eausa
1829 1011 1978 1089 navicu-

389 1191 397 1209 ·
424 1153 519 1226 latus
543 1174 646 1241 esse,
675 1147 878 1246 relictaque
901 1158 1055 1247 propter
1082 1156 1337 1246 paupertatem
1364 1144 1484 1244 patria
1511 1148 1640 1222 sedem
1663 1148 1805 1222 Ascrae
1831 1147 1978 1222 undem

425 1285 554 1361 fixisse
582 1284 730 1360 dicitur.
784 1282 1035 1358 Memorabilis
1057 1293 1178 1356 autem
1205 1281 1251 1355 ad
1275 1281 1374 1355 hunc
1397 1282 1516 1356 locum
1541 1293 1599 1356 est
1620 1282 1841 1357 scholiastae
1867 1306 1977 1357 anno·

424 1423 534 1497 tatio:
551 1413 689 1503 ’Ἔφορος
709 1418 747 1485 δέ
763 1443 841 1500 φησι
863 1418 979 1482 τοῦτον
1002 1418 1044 1492 εἰς
1060 1409 1203 1500 ’Ἄσκρην
1223 1416 1329 1491 iiheiu
1359 1415 1398 1482 οὐ
1427 1415 1464 1482 δι’
1488 1416 1658 1502 ἐμπορίαν,
1684 1414 1769 1483 abab
1795 1417 1898 1500 φόνον
1926 1420 1979 1503 ἐμ·

425 1558 539 1638 φόλιον
560 1552 796 1639 ἐργασόμενόν.
839 1553 986 1653 Pugnat
1004 1556 1076 1628 hoc
1093 1551 1239 1652 Ephori
1260 1553 1510 1629 testimoninm
1527 1579 1610 1629 cum
1626 1578 1800 1629 versuum
1823 1555 1977 1631 istorum

426 1689 678 1792 professione,
711 1702 751 1763 ut
777 1689 946 1766 videatur
973 1717 1038 1766 eos
1071 1690 1133 1765 ille
1163 1699 1226 1764 aut
1253 1713 1326 1764 uon
1353 1691 1489 1790 legisse
1523 1691 1561 1765 in
1586 1690 1792 1789 Operibus,
1826 1702 1907 1785 aut,
1946 1689 1978 1765 si

426 1828 570 1928 legerit,
585 1823 849 1925 suppositicios
863 1829 1035 1927 nullaque
1059 1827 1135 1902 fide
1157 1827 1287 1924 dignos
1310 1826 1553 1905 iudicasse—
1582 1827 1691 1902 Nune
1709 1827 1756 1903 de
1779 1853 1813 1903 v.
1825 1827 1913 1902 740.
1927 1831 1975 1901 41

427 1978 463 2040 et
491 1962 696 2041 Aristarchi
722 1963 768 2038 ad
801 1991 885 2039 eum
913 1967 1033 2041 locum
1063 1964 1251 2040 notatione
1280 1963 1479 2040 videndum
1508 1975 1578 2037 est.
1633 1963 1777 2039 Versus
1805 1965 1841 2040 hi
1870 1976 1977 2041 sunta

730 2090 790 2176 uOc
809 2099 954 2184 ποταμὸν
976 2101 1072 2185 διαβῇ
1092 2101 1243 2182 κακότητι
1268 2099 1303 2167 db
1320 2105 1432 2184 χεῖρας
1452 2092 1599 2183 όῖνιπτος,

739 2220 782 2301 τῷ
803 2218 837 2285 db
862 2217 932 2296 &eoi
953 2221 1111 2304 νεμεσῶσι
1136 2218 1192 2287 καὶ
1217 2216 1325 2307 ἄλιγεα
1346 2219 1457 2285 δῶκαν
1477 2217 1612 2284 ὀπίσσω.

423 2337 556 2436 quibus
579 2338 650 2410 hoc
677 2336 855 2414 scholium
880 2339 1105 2438 adscriptum
1129 2353 1205 2415 esta
1225 2334 1332 2405 ”Altior
1355 2337 1522 2425 γράφουσι
1543 2346 1767 2404 KAKOTHTA·
1801 2334 1847 2402 ἐπὶ
1876 2335 1976 2402 κακό-

423 2501 500 2554 τητα
523 2466 614 2556 εἶδεν,
639 2470 710 2538 ἀντὶ
736 2474 793 2539 τοῦ
816 2475 1017 2558 ἐκακώθη.
1058 2474 1268 2561 Ἀρίσταρχος
1295 2472 1328 2540 db
1352 2473 1467 2550 dhare?
1490 2471 1545 2538 rin
1566 2471 1681 2553 στόχον
1711 2472 1832 2537 τοῦτον.
1870 2468 1975 2536 ’Ἄλλοι

422 2589 622 2670 κακότητα
643 2585 718 2675 ἔπι,
750 2589 843 2657 οἱονεὶ
867 2589 914 2658 ἐπὶ
934 2593 1030 2677 κακῷ
1048 2597 1173 2664 ἑαυτόν.
1218 2597 1407 2696 Corrupto
1430 2596 1523 2670 haec
1544 2619 1628 2669 esse
1648 2618 1754 2668 nomo
1768 2618 1840 2669 non
1857 2593 1976 2669 videt:

425 2729 472 2802 de
496 2728 755 2803 emendatione
778 2730 949 2805 assentiri
964 2730 1194 2833 Goettlingio
1223 2760 1295 2810 non
1310 2757 1474 2833 possum,
1500 2731 1562 2831 qui
1585 2754 1696 2828 quum
1723 2730 1812 2804 illud
1827 2729 1975 2829 quidem

421 2871 525 2934 recte
546 2862 785 2954 intellexerit,
812 2886 881 2960 pro
903 2864 1018 2926 ἔαυτόν
1038 2866 1320 2938 rescribendum
1345 2890 1429 2936 esse
1454 2864 1582 2934 ἑαυτοῦ,
1597 2863 1717 2933 minus
1737 2873 1841 2933 reete
1854 2873 1976 2934 tamen

422 2994 459 3068 in
485 2992 679 3093 superiore
701 3004 805 3093 parte
831 2994 961 3070 scholii
988 2987 1072 3060 εἶπεν
1088 3022 1157 3097 pro
1179 2988 1260 3063 εἶδεν
1282 2995 1355 3098 legi
1382 2996 1508 3070 voluit.
1561 2995 1655 3070 Nam
1684 3008 1724 3071 ut
1746 3008 1900 3084 taceam,
1919 2996 1996 3096 ip-·

423 3153 501 3205 sam
524 3130 619 3205 hanc
643 3129 1005 3231 interpretationem,
1035 3143 1074 3205 ut
1100 3128 1149 3196 ἐπὶ
1170 3129 1336 3212 κακότητα
1357 3130 1406 3204 sit
1430 3129 1455 3202 i.
1472 3156 1507 3227 q.
1530 3129 1694 3209 ἐκακώθη,
1715 3131 1777 3205 rix
1806 3131 1975 3230 cuiquam
2002 3170 2007 3180 .

424 3267 641 3342 innuentem
665 3268 792 3343 tenire
813 3266 994 3369 potuisse,
1018 3267 1249 3342 manifestum
1269 3265 1421 3342 alterius
1449 3264 1656 3364 scripturae
1686 3264 1860 3341 indicium
1887 3265 1976 3339 offe-

422 3418 509 3479 runt
551 3404 689 3502 aliquot
720 3402 881 3478 Hesiodi
927 3404 1096 3497 codices,
1144 3402 1205 3503 qui
1235 3404 1272 3478 in
1309 3401 1372 3478 illo
1400 3427 1510 3480 versu
1544 3425 1616 3476 non
1643 3401 1793 3507 κακότητι
1823 3403 1873 3484 δι’,
1908 3403 1976 3477 sed

422 3537 566 3619 κακότητ’
591 3532 636 3605 ἴδε
658 3547 721 3613 aut
744 3538 909 3621 κακότητα
944 3534 990 3606 ἴδε
1019 3538 1196 3640 scriptum
1227 3540 1372 3617 habent.
1426 3541 1537 3616 Hanc
1570 3552 1691 3614 autem
1725 3540 1975 3640 loquutioncm

423 3673 587 3753 κακότητα
610 3674 686 3739 ἰδεῖν
720 3674 967 3773 grammaticis
998 3675 1097 3750 idem
1130 3675 1340 3776 significare
1379 3676 1512 3767 visam,
1553 3675 1650 3775 quod
1685 3686 1742 3749 est
1769 3677 1975 3758 κακωοόναι,

423 3834 531 3884 nerno
559 3807 749 3902 dubitabit,
778 3809 839 3908 qui
862 3810 1088 3903 meminerit,
1116 3837 1149 3885 e.
1166 3837 1199 3886 c.
1212 3810 1312 3894 χάριν
1334 3804 1390 3887 ἴδε,
1415 3808 1550 3902 1le,
1578 3808 1666 3907 243,
1689 3834 1711 3883 a
1732 3806 1847 3885 schol.
1864 3810 1911 3885 Β.
1926 3809 1973 3886 L.

424 3944 602 4044 explicari
636 3946 749 4019 serbo
779 3942 889 4028 e’xdon·
948 3945 1092 4044 Nempe
1126 3947 1202 4012 ἰδεῖν
1229 3969 1487 4044 nonnunquam
1522 3943 1662 4022 Graeci
1692 3972 1738 4021 eo
1775 3969 1886 4021 sensu
1923 3945 1975 4021 di-

427 4093 524 4175 cunt,
549 4105 622 4179 quo
648 4104 716 4153 nos
738 4079 894 4155 dicimus
921 4080 1139 4156 eriahren
1164 4081 1222 4156 vel
1246 4081 1455 4174 erlehen,
1484 4091 1522 4154 ut
1538 4079 1704 4160 κακότητα
1727 4081 1803 4146 ἰδεῖν
1818 4078 1976 4156 sitUn-

424 4217 518 4293 heil
544 4217 782 4311 erfahren‚
814 4216 914 4302 χάριν
937 4219 1029 4301 ἰδεῖν,
1054 4219 1238 4293 Frende
1263 4218 1470 4293 erlehent
1498 4241 1567 4291 nec
1589 4214 1728 4290 diversi
1754 4215 1902 4314 generis
1916 4228 1974 4290 est

411 4353 512 4447 illud
527 4353 623 4451 apud
634 4353 854 4446 Homerum,
866 4353 1020 4437 nicrum
1042 4343 1128 4438 ἦμαρ
1149 4353 1289 4437 ἰδέσθαι,
1311 4354 1395 4428 den
1412 4352 1501 4452 'lag
1527 4352 1876 4443 derfleimlrehr
1903 4378 1972 4427 er-

424 4493 568 4566 lehen.
622 4488 740 4586 igitur
765 4513 911 4563 versum
939 4488 994 4562 sic
1017 4487 1194 4585 scriptum
1307 4534 1308 4537 =

738 4614 773 4698 bc
791 4621 935 4708 ποταμὸν
958 4623 1054 4708 διαβῇ
1072 4623 1222 4706 κακότητ’
1247 4622 1302 4706 ihs,
1322 4653 1434 4710 χειρας
1455 4620 1584 4700 ἄνιπτος

424 4738 656 4841 interpretati
682 4741 823 4816 suntin
852 4741 949 4815 hune
973 4741 1143 4816 modum:
1165 4731 1201 4817 όι
1221 4739 1365 4829 ποταμόν
1386 4743 1497 4829 διαβῇ,
1523 4740 1687 4826 handau
1708 4745 1819 4825 κεῖναι
1841 4731 1971 4817 dverton
