4312 5692
903 599 1237 717 ..Q-.-

301 852 338 926 in
360 851 468 927 domo
493 850 731 950 relinquatur.
784 852 934 928 ‚Vereor
959 864 1093 946 tamen,
1121 875 1170 960 ne
1196 852 1288 924 baec
1315 849 1490 925 divinatio
1517 849 1632 948 magis
1660 874 1769 950 quarn
1798 849 1851 925 iu·
1916 875 1920 881 ·

301 989 519 1087 terpretatio
547 989 702 1063 dicenda
738 988 797 1062 sit.
852 988 971 1063 Aliam
1000 989 1095 1062 viam
1124 987 1391 1086 Moscbopulus
1422 985 1593 1061 tentavit:
1633 981 1754 1071 ἕτερον,
1787 986 1851 1079 ait,

301 1114 405 1207 ἤγουν
437 1116 538 1188 ἄλλον
569 1121 640 1189 ἀντὶ
674 1125 746 1189 σοῦ.
800 1123 864 1198 Sic
903 1124 1073 1200 nimirum
1107 1148 1178 1198 non
1217 1124 1298 1222 plus
1330 1148 1405 1198 uno
1437 1121 1515 1197 filio
1549 1114 1783 1198 babebimus=
1817 1123 1850 1197 is

299 1257 500 1343 twvvoo'wlc
524 1258 607 1353 erit,
635 1261 804 1358 quoniam
832 1261 932 1335 solus
961 1272 1035 1355 est,
1062 1259 1160 1335 idern
1186 1269 1307 1334 autem
1328 1253 1439 1344 ἕτερος,
1460 1249 1637 1356 respectu
1661 1258 1788 1357 patris,
1815 1258 1850 1333 in

300 1393 409 1468 cuius
437 1395 556 1469 locum
592 1386 835 1470 successurus
871 1410 944 1490 est,
983 1398 1075 1472 alter
1110 1397 1240 1471 domus
1276 1420 1483 1494 possessor.
1543 1394 1624 1468 Non
1664 1392 1852 1492 displicuit

303 1530 394 1602 baec
420 1528 676 1628 interpretatio
703 1530 845 1606 Rankio
871 1559 907 1632 p.
928 1533 996 1627 at,
1027 1558 1096 1607 nec
1131 1532 1318 1632 discrepat
1349 1533 1393 1606 ab
1429 1556 1474 1605 ea
1500 1530 1771 1623 Doederlinns,
1806 1529 1852 1603 de

304 1689 375 1760 quo
406 1665 643 1740 Hermannus
674 1666 767 1741 dixit
795 1667 830 1741 in
859 1668 1000 1743 diurnis
1029 1668 1244 1769 antiquariis
1269 1668 1461 1744 1111836
1484 1668 1623 1768 pota.
1676 1665 1768 1740 Mihi
1801 1676 1853 1739 ta·

171 1791 178 1802 ’
304 1800 375 1873 lern
409 1801 626 1874 sententiam
658 1828 704 1876 ne
735 1803 918 1902 pessimus
946 1780 1094 1902 quidcrn
1125 1814 1162 1877 et
1188 1802 1492 1876 indisertissimus
1527 1810 1637 1899 poeta
1667 1799 1721 1873 sic
1753 1798 1851 1874 vide-

302 1947 362 2008 tur
391 1960 639 2035 expressurus
676 1936 812 2031 luisse,
857 1938 1020 2037 nihilque
1054 1951 1197 2012 restore
1232 1950 1340 2037 puto,
1374 1936 1443 2011 nisi
1475 1950 1515 2012 ut
1549 1961 1631 2010 cum
1666 1911 1862 2039 veteribus.

305 2068 444 2143 criticis
474 2072 572 2146 bunc
601 2098 749 2148 versum
781 2074 817 2149 in
850 2074 919 2147 boc
954 2072 1101 2173 quidem
1131 2083 1306 2147 contextu
1336 2071 1529 2153 ἀδιανόητον
1549 2095 1633 2144 esse
1659 2071 1851 2145 fateamur.

310 2252 347 2259 -
378 2204 455 2279 Sed
476 2219 533 2280 est
555 2224 749 2307 praeterea
778 2208 1022 2283 memorabilis
1046 2208 1223 2306 quaedam
1248 2206 1456 2307 scripturae
1472 2207 1666 2282 diversitas
1688 2207 1853 2281 inversu

303 2339 442 2439 primo,
478 2368 588 2442 quum
616 2344 653 2417 iu
685 2346 875 2446 plerisque
909 2345 1097 2421 codicibus
1125 2344 1221 2420 sicut
1248 2345 1286 2419 in
1313 2344 1535 2419 editionibus
1564 2358 1647 2419 ante
1684 2341 1853 2420 Gaislor·

304 2476 448 2550 dianam
472 2480 639 2555 omnibus
653 2507 726 2556 non
741 2476 786 2562 εἴη
808 2483 987 2581 scriptum
1011 2482 1078 2575 sit,
1102 2482 1168 2556 sed
1193 2480 1297 2559 σώζοι·
1352 2480 1440 2555 Hoc
1463 2480 1713 2580 Goettlingius
1736 2479 1852 2558 abtiis

304 2612 509 2712 proiectum
540 2642 632 2691 esso
666 2617 811 2712 statuit,
847 2618 909 2718 qui
941 2617 1131 2694 brevitatis
1167 2642 1278 2692 causa
1307 2639 1381 2708 uno
1403 2600 1526 2690 'versu
1562 2618 1681 2717 quarn}
1708 2616 1852 2690 duobus

304 2749 350 2823 de
375 2734 502 2823 eadem
523 2777 566 2825 re
587 2752 640 2826 uti
655 2752 820 2827 mallent:
850 2753 936 2827 mibi
954 2752 1179 2850 probabilius
1201 2750 1359 2844 videtdr,
1382 2746 1426 2831 εἴη
1450 2775 1518 2848 pro
1542 2749 1636 2830 σώζοι
1660 2753 1703 2824 ab
1731 2751 1852 2849 aliquo

303 2882 568 2980 interpolatore
584 2882 764 2981 scriptum
790 2907 886 2976 esse,
910 2885 972 2980 qui
994 2896 1128 2981 poetae
1155 2887 1268 2954 verba
1293 2881 1330 2952 in
1357 2883 1463 2952 aliam
1484 2884 1702 2954 sententiam
1729 2884 1852 2956 detor·

304 3026 447 3115 queret.
497 3016 618 3091 Poeta
644 3019 714 3092 boc
742 3016 853 3093 dixit:
883 3042 993 3092 unum
1021 3016 1137 3091 filiurn
1160 3017 1360 3116 optandum
1388 3041 1472 3089 esse
1495 3017 1541 3090 ad
1563 3018 1850 3092 conservandam

304 3154 452 3230 domum
471 3153 627 3254 patriam
655 3154 865 3255 sstirpem,
887 3152 1097 3227 scilicetne
1118 3176 1162 3226 ea
1187 3151 1375 3226 interiret:
1401 3151 1439 3225 id
1464 3151 1560 3225 enirn
1583 3153 1765 3252 significat
1791 3153 1852 3219 σώ-

304 3300 366 3368 ζειν
387 3286 441 3354 τὸν
465 3280 566 3373 οἶκον,
589 3301 626 3365 et
652 3290 805 3364 interire
822 3289 977 3388 aliquam
1006 3289 1152 3363 domum
1178 3289 1276 3362 nullo
1301 3287 1441 3361 herede
1466 3288 1596 3363 relicto
1625 3288 1660 3362 iu
1681 3287 1851 3364 maximis

305 3424 408 3499 malis
431 3425 593 3498 habitum
621 3450 705 3498 esse
729 3436 882 3499 constat.
929 3425 1070 3498 Unum
1099 3438 1219 3498 autem
1244 3422 1357 3497 lilium
1382 3422 1488 3516 dixit,
1511 3421 1680 3521 quoniam
1705 3424 1751 3497 ad
1767 3449 1850 3498 con-

305 3560 523 3635 servandam
550 3561 697 3635 domum
725 3559 892 3659 pluribus
928 3584 1000 3634 non
1036 3585 1129 3660 opus
1164 3572 1240 3652 est,
1272 3559 1382 3634 immo
1414 3572 1578 3659 praestat
1612 3584 1724 3635 unum
1754 3586 1850 3655 esse,

304 3720 352 3770 ne
379 3697 474 3769 bona
499 3695 596 3769 inter
626 3697 751 3794 plures
786 3695 901 3770 divisa
930 3694 1148 3772 minuantur.
1201 3695 1399 3770 Proximos
1433 3708 1555 3770 antem
1586 3696 1680 3771 duos
1708 3722 1851 3790 versus,
1955 3708 1960 3717 '

307 3830 381 3904 377
410 3841 447 3905 et
469 3830 556 3925 378,
581 3833 678 3905 utin
703 3832 918 3931 quibusdem
946 3832 1031 3908 olim
1052 3832 1325 3932 exemplaribus
1342 3857 1414 3907 non
1440 3835 1555 3908 lectos
1584 3858 1668 3906 csse
1689 3833 1850 3928 credam,

306 3967 525 4041 scholiastae
540 3967 662 4042 verbis
685 3969 863 4060 adducor,
886 3967 960 4066 qui,
984 3979 1224 4068 posteaquam
1248 3994 1392 4043 versum
1416 3969 1586 4068 primum,
1613 3968 1661 4043 de
1682 3994 1753 4045 uno
1774 3969 1851 4045 filio

307 4103 482 4200 optando,
510 4101 774 4186 criminandum
791 4102 909 4178 rideri
932 4128 1044 4202 posse
1062 4104 1167 4198 dixit,
1185 4119 1225 4178 ut
1246 4105 1424 4203 scripturn
1448 4108 1491 4179 ab
1505 4104 1731 4204 indignante,
1754 4107 1850 4205 quod
1970 4179 1974 4183 .
1996 4186 2010 4201 ‚

305 4260 379 4311 non
400 4263 442 4312 se
466 4241 583 4314 solum
611 4253 716 4339 pater
738 4239 1011 4339 procreaverit,
1045 4239 1092 4315 ad
1119 4240 1328 4315 diluendam
1355 4239 1536 4315 eiusmodi
1561 4240 1850 4317 criminationem

305 4373 462 4473 primum
489 4377 559 4451 alia
586 4377 746 4475 prolert,
779 4401 872 4475 quae
901 4377 1021 4475 repeti
1050 4376 1122 4451 hoc
1152 4377 1232 4451 loco
1259 4376 1347 4451 nibil
1377 4377 1524 4470 attinet,
1555 4371 1703 4452 deinde
1726 4389 1850 4455 autern

307 4508 426 4585 addit:
457 4505 490 4573 rb
512 4508 545 4576 db
570 4509 723 4596 ἑπόμενον
742 4509 899 4594 στιχίδιον
918 4505 958 4576 ἔτι
980 4512 1192 4597 petitionibu
1216 4511 1270 4594 τὴν
1295 4511 1458 4598 διαβολήν.
1510 4513 1556 4588 Id
1582 4511 1628 4587 ad
1656 4539 1740 4589 eum
1748 4574 1758 4608 ‚
1787 4516 1849 4615 qui

307 4646 342 4719 in
358 4645 494 4720 nostris
512 4646 734 4721 editionibus
749 4647 929 4746 sequitur,
953 4647 1175 4723 versiculum
1197 4648 1384 4746 pertinere
1404 4671 1475 4722 non
1493 4674 1604 4749 posse
1621 4650 1850 4726 manifestum
