4312 5692
1167 607 1237 692 18

1033 715 1152 722 ..-—-
1159 716 1365 724 ——---—-—-——

424 884 488 935 sus
504 860 798 960 transponendus
814 870 1040 934 censuerunt
1052 873 1137 960 post
1150 885 1184 935 v.
1198 860 1285 955 212,
1309 861 1453 937 scilicet
1478 887 1523 936 ne
1545 862 1747 961 accipitris,
1769 862 1837 937 sed
1856 861 1976 961 ipsius

425 1007 557 1095 poetae
590 1006 830 1095 praeceptum
856 995 1066 1090 videretur,
1099 996 1161 1071 alii
1192 1021 1239 1072 ne
1265 997 1553 1098 transpositione
1584 997 1732 1096 quidem
1761 1022 1856 1096 opus
1890 1022 1976 1073 essa

423 1131 645 1208 iudicarunt.
697 1132 785 1231 lpse
819 1141 942 1208 autem
974 1131 1214 1208 Aristarchus
1248 1134 1407 1209 fortasse
1438 1159 1510 1210 non
1546 1133 1693 1233 negavit
1726 1158 1792 1209 eos
1818 1157 1840 1206 a
1865 1143 1977 1232 poeta

423 1272 495 1346 boc
527 1272 610 1344 loco
638 1267 781 1368 positos
811 1293 917 1361 esse,
951 1269 1019 1343 sed
1049 1279 1154 1344 recte
1183 1269 1327 1368 positos
1360 1295 1445 1346 esse
1478 1269 1636 1370 negavit.
1691 1269 1845 1345 Constat
1879 1268 1975 1343 enim

425 1408 570 1482 obelum
597 1406 643 1479 ab
671 1428 716 1479 eo
744 1427 818 1480 nou
844 1403 891 1480 iis
916 1405 1034 1480 solum
1062 1406 1231 1481 versibus
1251 1406 1460 1506 appositum
1481 1432 1578 1498 esse,
1607 1430 1700 1505 quos
1720 1405 1881 1505 spurios,
1908 1403 1976 1480 sed

425 1541 533 1617 etiam
561 1566 654 1640 quos
684 1540 804 1616 minus
838 1541 1046 1641 probandos
1081 1566 1166 1616 esse
1198 1541 1445 1642 significaret,
1476 1566 1598 1641 neque
1626 1541 1769 1641 primus
1796 1540 1977 1617 Horatius

425 1679 534 1753 etiam
563 1677 772 1752 Homerum
804 1701 1062 1777 nonnunquam
1084 1677 1305 1753 dormitasse
1332 1678 1504 1753 credidit.

594 1813 875 1913 Subiunguntur
904 1813 1080 1913 deinceps
1111 1816 1224 1890 multa
1256 1815 1431 1915 variaque
1458 1838 1601 1890 morum
1628 1825 1847 1913 praecepta,
1881 1835 1976 1910 quae

426 1972 555 2046 parum
587 1948 685 2023 iuter
715 1974 758 2024 se
792 1951 996 2025 cohaerere
1030 1975 1078 2024 nc
1108 1951 1289 2025 Heinsius
1322 1951 1468 2050 quidem
1503 1950 1696 2026 diffitetur.
1748 1945 1793 2014 Tb
1817 1952 1975 2040 πλεῖστον,

426 2084 477 2159 ait
494 2084 531 2160 iu
551 2096 766 2185 argumento
788 2111 923 2183 graece
952 2086 1112 2187 scripto,
1135 2112 1170 2186 p.
1185 2086 1260 2161 701
1282 2087 1435 2181 Lucem,
1463 2088 1525 2152 niv
1550 2085 1727 2167 ὑποθηκῶν
1746 2083 1809 2149 ’ὧν
1830 2081 1977 2161 ἐνταῦθα

426 2219 581 2304 κειμένων
600 2219 618 2286 ὁ
639 2221 809 2307 χαοαοοττη
830 2221 1039 2306 c’rrpoprcrmdc
1059 2223 1123 2288 ἐστι
1139 2219 1196 2289 καὶ
1208 2221 1378 2305 ἀπόλυτος,
1399 2220 1456 2290 καὶ
1470 2220 1646 2297 ἀσύνδετος
1656 2218 1699 2297 ὡς
1713 2219 1826 2285 lexov
1840 2216 1858 2283 ὸ
1870 2216 1977 2303 λόγος.

425 2337 479 2415 Et
501 2351 656 2438 apparet
675 2365 748 2416 nou
775 2341 885 2418 modo
912 2364 1020 2439 quam
1049 2340 1200 2416 difficile
1226 2341 1341 2418 fuerit
1366 2340 1494 2440 primis
1523 2341 1689 2439 Operum
1718 2336 1977 2415 collectoribus

426 2474 512 2550 talia
532 2477 712 2575 probabili
734 2478 892 2576 quodam
920 2476 1051 2552 ordine
1078 2477 1291 2577 disponere,
1317 2478 1384 2552 sed
1412 2477 1522 2553 etiam
1549 2500 1656 2574 quam
1671 2473 1834 2574 proclive
1847 2484 1977 2572 postea

426 2608 770 2711 interpolatoribus,
802 2616 918 2735 multa
941 2590 1078 2714 passim
1111 2639 1279 2690 assuere.
1331 2614 1408 2689 Sed
1437 2624 1605 2690 veterum
1637 2611 1850 2687 criticorum
1876 2620 1976 2684 uota-

427 2743 546 2823 tioues
574 2747 682 2826 etium
709 2750 755 2825 ad
781 2751 876 2826 banc
900 2759 1044 2848 partem
1072 2773 1281 2850 perpaucae
1307 2760 1403 2842 sunt,
1431 2772 1586 2847 quarum
1614 2772 1697 2843 uua,
1722 2747 1761 2822 in
1786 2746 1903 2822 schol.
1929 2741 1976 2818 ad

427 2904 461 2952 v.
473 2880 548 2954 274
569 2893 782 2975 memorata,
809 2906 881 2955 uon
909 2883 1202 2979 interpolationis
1222 2883 1473 2978 suspicionem
1500 2883 1645 2979 prodit,
1672 2883 1740 2954 sed
1766 2893 1905 2953 tautum
1930 2878 1976 2963 ad

430 3014 538 3091 unius
560 3016 726 3094 vocubull
743 3038 850 3095 usum
870 3015 1033 3116 pertinet
1047 3017 1092 3091 ab
1106 3014 1267 3092 Homeri
1289 3039 1462 3091 sermone
1485 3015 1655 3092 alienum.
1699 3013 1743 3081 Τὸ
1766 3011 1977 3112 autemst),

428 3143 474 3233 gn
491 3147 785 3239 odetmrelomooc
805 3151 921 3238 νόμον
940 3144 1015 3218 εἶπε.
1059 3149 1135 3230 Est
1143 3152 1215 3227 boc
1229 3151 1388 3227 sortasse
1404 3177 1453 3228 ex
1466 3150 1668 3229 Aristonici
1677 3147 1979 3235 σοαείοιοἮστόδου

427 3287 670 3388 petitumw),
698 3288 796 3363 unde
823 3287 1031 3363 observatio
1060 3287 1258 3386 quaedam,
1287 3287 1334 3362 de
1361 3289 1479 3363 forma
1503 3288 1671 3381 vocabuli
1694 3291 1838 3368 taxeota,
1866 3283 1977 3360 etiam

428 3422 466 3498 iu
495 3425 610 3499 schol.
637 3424 682 3498 ad
708 3425 851 3524 Theog.
875 3448 907 3499 v.
929 3424 1001 3498 178
1026 3424 1182 3499 fluxisse
1212 3424 1329 3500 videri
1361 3435 1495 3525 potest.
1525 3470 1570 3479 —
1608 3423 1685 3498 Sed
1716 3420 1863 3523 spurios
1889 3443 1977 3495 nou-

429 3558 536 3632 nullis
562 3557 661 3633 visos
690 3584 774 3634 esse
801 3558 895 3635 duos
919 3584 1062 3654 versus,
1090 3560 1151 3659 qui
1178 3573 1265 3635 suut
1291 3560 1377 3634 244.
1397 3559 1483 3655 245,
1513 3585 1561 3635 ex
1587 3559 1713 3635 Procli
1741 3557 1881 3633 scholio
1905 3558 1977 3632 col-

428 3694 536 3795 ligas:
564 3699 616 3761 δεῖ
630 3693 665 3761 bb
685 3695 859 3783 συνάπτειν
882 3695 915 3761 τὸ

762 3830 856 3918 λιμὸν
875 3831 958 3918 ὁμοῦ
980 3829 1036 3901 καὶ
1058 3831 1186 3919 λοιμόν,
1208 3831 1475 3916 ἀποφθινύθουσι
1492 3829 1530 3920 db
1552 3829 1640 3908 λαοί,

430 3945 520 4029 (τοὺς
540 3949 575 4013 ἐν
596 3954 722 4026 πολλοῖς
742 3949 938 4036 φερομένους
959 3950 1017 4017 δύο
1037 3949 1170 4034 στίχους
1194 3950 1377 4038 ὑπερβάντα
1382 3951 1410 4035 ,)
1434 3948 1491 4016 καὶ

762 4062 777 4096 tt
827 4070 844 4086 ν
1028 4068 1037 4094 t
1109 4067 1155 4096 st
1216 4070 1224 4096 s
1266 4071 1274 4097 r

759 4099 778 4149 η
801 4098 903 4156 τωνγε
925 4095 1063 4154 caperon
1085 4099 1181 4155 ευρυν
1205 4079 1384 4154 crumbecca,

594 4451 642 4518 21)
678 4449 726 4500 Sic
743 4455 817 4501 reete
837 4450 862 4500 in
881 4449 958 4501 codd.
978 4448 1127 4530 scriptum,
1148 4445 1296 4500 subsudlto
1315 4446 1423 4501 scilicet
1441 4449 1526 4500 verbo
1543 4443 1719 4516 παράκειται,
1740 4446 1814 4514 quod
1829 4458 1918 4517 genam
1935 4443 1977 4496 di-

432 4536 521 4602 endi,
538 4537 583 4590 vet
602 4554 618 4587 a
636 4535 749 4587 Venetis
767 4536 794 4587 iu
810 4536 962 4590 Homerum
980 4534 1098 4588 rebeliis
1116 4533 1305 4597 notissimum,
1322 4533 1408 4587 miror
1428 4550 1445 4585 s
1463 4535 1625 4589 odacrus
1644 4543 1673 4586 et
1688 4532 1849 4588 Vollbebrie
1870 4531 1977 4601 tunore·

433 4630 490 4675 tam
511 4638 580 4681 csse,
598 4621 645 4690 qui
667 4629 829 4689 receperunt
847 4639 880 4673 ax
899 4620 1009 4674 Heinsii
1029 4621 1201 4674 coniectura:
1219 4616 1297 4674 τοῦτο
1315 4625 1466 4688 opprimam.

583 4706 645 4774 w}
676 4705 722 4759 cl.
740 4704 839 4760 lesbus.
858 4708 894 4760 de
911 4705 1063 4761 armen.
1081 4707 1156 4760 stud
1175 4705 1257 4761 Hom.
1277 4710 1372 4774 piat
1386 4725 1411 4774 p.
1420 4712 1446 4762 ’1.
