4312 5692
917 725 1253 746 Μ

309 873 466 949 credet?
492 876 549 951 An
572 878 669 952 forte
693 878 730 953 in
747 878 907 954 Homeri
933 875 1329 978 quoqueoarminibus
1357 873 1445 950 nihil
1459 872 1718 972 Aristophanis
1738 886 1858 953 aetate
1885 913 1887 918 ·

308 1009 442 1086 lectum
471 1037 556 1087 esse
583 1014 762 1108 dicemus,
790 1040 897 1114 quam
925 1013 1038 1097 τάξεις,
1059 1010 1186 1098 ἀρετὰς,
1207 1009 1346 1086 ὁπλίσεις
1369 1009 1508 1094 ἀνδρῶν,
1530 1011 1630 1110 quod
1656 1012 1749 1089 haec
1779 1016 1860 1090 sola
1946 1040 1955 1056 ·

307 1147 441 1222 eodem
466 1150 549 1224 loco
577 1153 622 1224 ah
651 1150 1006 1226 comemoranturt
1060 1148 1137 1229 Sed
1169 1173 1217 1222 ne
1248 1148 1319 1222 hoc
1355 1146 1503 1246 quidem
1531 1171 1600 1245 pro
1629 1159 1733 1223 certo
1758 1150 1857 1224 ailin-

307 1279 398 1354 mari
419 1306 533 1380 posse
559 1284 800 1380 arbitror,.ah
827 1285 891 1359 illo
907 1283 1080 1382 exemplo
1108 1283 1292 1382 plumbeo,
1320 1282 1418 1381 quod
1431 1283 1638 1360 Pausanias
1664 1296 1856 1379 memorat,

304 1415 399 1492 hano
426 1420 701 1517 eph'emeridem
726 1420 901 1526 abfuisse,
923 1410 1229 1518 quemadmodum
1257 1418 1421 1495 nonnulli
1447 1442 1496 1493 ex
1521 1418 1644 1493 verbis
1667 1421 1748 1496 eius
1771 1445 1856 1497 cou-

303 1550 788 1653 ieceruntwpfooqama
821 1553 846 1620 δ’
882 1555 918 1619 tv
946 1553 1036 1636 αὐτῷ
1062 1550 1241 1639 τὰἜογα,
1271 1554 1407 1629 omissa
1442 1554 1627 1631 mentione
1653 1556 1855 1640 Dierum.

304 1687 398 1776 Nam
424 1689 545 1788 potuit
569 1713 659 1764 sane
673 1689 753 1763 hae
767 1690 938 1764 breviore
959 1689 1212 1789 designatione
1240 1690 1294 1765 uti
1319 1715 1341 1765 a
1363 1689 1509 1789 potiore
1538 1690 1711 1771 carminis
1736 1703 1856 1791 parte,

305 1826 410 1900 cuius
430 1826 465 1900 >si
487 1826 581 1900 hanc
601 1838 838 1925 postremam,
860 1826 906 1900 de
928 1827 1071 1919 diebus,
1099 1851 1193 1924 quae
1210 1837 1355 1904 constat
1367 1827 1537 1901 versibus
1564 1826 1720 1926 amplius
1749 1852 1856 1904 sexa-

303 1960 415 2060 ginta,
443 1964 575 2037 abesse
596 1962 718 2036 abillo
740 1964 911 2061 exemplo
934 1963 1099 2056 vidisset,
1122 1962 1297 2037 disertam
1318 1963 1375 2037 rei
1399 1962 1624 2037 mentionem
1645 1987 1719 2037 non
1736 1963 1855 2038 minus

304 2094 393 2170 eum
416 2098 598 2172 facturum
634 2098 753 2171 fuisse
786 2098 1030 2192 crediderim,
1064 2123 1171 2197 quam
1199 2097 1382 2198 prooemii
1413 2098 1452 2172 in
1485 2099 1549 2174 illo
1577 2100 1749 2197 exemplo
1784 2124 1856 2174 uon

303 2233 443 2334 scripti.
486 2232 624 2308 Saltem
640 2225 819 2308 'dubitare
835 2234 980 2308 licebit:
1004 2258 1126 2331 neque
1148 2234 1286 2309 certior
1308 2249 1377 2309 res
1396 2233 1462 2319 fiet
1488 2235 1604 2310 altero
1625 2246 1855 2334 argumento,

303 2394 415 2468 quum
443 2371 719 2470 ephemeridem
747 2370 846 2445 illam
878 2370 1068 2445 aBoeoto
1096 2380 1207 2469 poeta
1236 2380 1437 2469 propterea
1462 2371 1740 2446 ahiudieandam
1769 2397 1855 2447 esse

303 2505 425 2600 aiunt,
455 2507 553 2605 quod
579 2506 716 2605 Apollo
742 2505 780 2578 in
810 2531 854 2579 ea
881 2505 1039 2604 septimo
1069 2504 1129 2579 die
1157 2505 1417 2605 'l'hargeliouis
1446 2517 1555 2581 natus
1578 2533 1663 2581 esse
1686 2508 1854 2582 dicatur:

302 2662 385 2714 num
404 2640 604 2716 -Deliorum
633 2643 728 2718 hanc
750 2642 982 2743 opinionem,
1011 2666 1086 2716 non
1110 2642 1341 2716 Boeotorum
1368 2642 1497 2717 fuisse.
1550 2643 1664 2740 Atqui
1686 2645 1853 2741 'l'harge-

300 2777 435 2852 lionem
469 2777 562 2850 haec
585 2780 799 2875 ephemeris
824 2803 898 2851 non
938 2778 1116 2870 nominat,
1155 2778 1223 2851 sed
1258 2777 1455 2875 septimum
1483 2777 1580 2852 diem
1615 2778 1852 2877 simpliciter=

299 2909 502 2994 ἕβδομαγενῆ
521 2921 644 2982 autem
669 2909 896 3008 Apollinem,
924 2909 1007 2980 h.e.
1032 2907 1190 3005 septimo
1218 2907 1354 2989 mensis
1382 2906 1442 2980 die
1465 2917 1609 3000 natum,
1643 2933 1716 2983 non
1744 2911 1852 2986 modo

302 3042 419 3135 Delii,
453 3042 520 3116 sed
547 3068 676 3117 omues
705 3041 845 3118 Graeci
873 3039 1014 3117 dixisse
1043 3041 1234 3134 videntur,
1262 3041 1428 3139 quamvis
1455 3043 1502 3117 de
1528 3069 1655 3118 mense
1682 3045 1851 3123 dissenti-

301 3189 405 3271 rent,
424 3179 656 3253 relutdones
673 3179 973 3277 Thargelionem,
995 3176 1130 3276 Delphi
1147 3176 1316 3275 Bysium,
1343 3176 1407 3250 alii
1428 3177 1519 3252 alios
1534 3179 1763 3269 nominantes
1776 3181 1855 3282 2⁰).-

301 3360 352 3373 —
375 3312 456 3390 'Sed
485 3314 656 3413 qnoniam
679 3315 858 3389 mensium
885 3314 1023 3388 iniecta
1050 3312 1187 3388 mentio
1215 3323 1283 3405 est,
1306 3324 1452 3412 tangam
1479 3316 1600 3389 statim
1617 3318 1772 3391 alterum
1801 3318 1852 3391 lo-

302 3474 384 3526 cum
411 3474 435 3523 a
457 3452 728 3525 recentioribus
756 3450 895 3524 criticis
919 3475 1030 3549 quum
1058 3450 1163 3523 aliam
1191 3451 1238 3523 ob
1258 3473 1418 3542 causam,
1440 3459 1517 3524 tum
1539 3463 1691 3549 propter
1712 3452 1850 3531 mensis

301 3606 435 3675 nomeu
458 3607 532 3658 uon
559 3582 779 3659 Boeoticum
807 3584 874 3657 sed
900 3584 1080 3677 Ionicum,
1107 3584 1421 3678 Lenaeonem,
1448 3583 1486 3659 in
1511 3585 1761 3684 suspicionem
1788 3616 1850 3665 vo-

302 3731 460 3794 catum..
488 3720 647 3820 Legitur
674 3720 744 3794 hoc
767 3744 901 3794 nomen
928 3718 1228 3811 mensishiherni
1255 3718 1295 3792 in
1314 3721 1472 3793 verbosa
1495 3721 1710 3796 brumalium
1737 3723 1849 3823 frigo-

300 3880 382 3929 rum
400 3854 664 3955 descriptione,
692 3859 799 3954 quum
823 3854 926 3929 multi
948 3853 1187 3929 vehementer
1209 3852 1418 3952 improbant
1443 3855 1661 3953 etareliqui
1678 3860 1849 3935 carminis

300 4000 431 4066 tenore
457 3989 608 4064 nimium
624 4004 800 4089 quantum
822 3992 1024 4065 abhorrere
1048 3989 1224 4081 iudicant,
1253 3989 1314 4063 alii
1330 4001 1458 4081 contra
1472 3999 1536 4063 aut
1562 3990 1766 4068 defendunt
1787 4006 1851 4071 aut

302 4125 410 4201 etiam
438 4126 596 4201 laudant.
649 4128 774 4227 Atque
797 4127 836 4201 hi
864 4127 1011 4227 quidem
1038 4125 1136 4200 illam
1157 4125 1205 4200 de
1218 4125 1420 4199 Lenaeone
1442 4125 1681 4203 offensionem
1709 4140 1773 4205 aut
1794 4131 1850 4208 sie

301 4274 510 4359 removent,
544 4272 583 4337 ut
616 4286 689 4336 non
717 4263 848 4337 mirum
884 4277 976 4348 esse:
999 4261 1139 4353 dicant,
1174 4259 1227 4353 si,
1261 4258 1324 4358 qui
1358 4258 1515 4366 dialecto
1549 4272 1674 4338 utatur
1706 4264 1847 4360 Ionica,

313 4399 635 4413 *ιι-..-

469 4453 515 4516 19)
552 4450 709 4520 Goettling.
722 4451 741 4504 l.
759 4452 777 4501 l.
796 4458 824 4502 et
843 4468 868 4517 p.
882 4447 968 4503 tivit.
1006 4449 1049 4500 Gi.
1062 4449 1165 4515 Enyer.
1181 4466 1207 4514 p.
1219 4453 1245 4501 6.
1588 4484 1591 4489 ,

466 4537 515 4601 20)
551 4538 590 4588 lle
602 4537 688 4603 Bprio
707 4536 763 4589 rid.
776 4536 920 4590 Plutarch.
935 4543 1041 4604 quaest.
1054 4552 1097 4603 gr.
1111 4552 1134 4584 c.
1147 4537 1181 4596 93
1205 4535 1371 4602 respondere
1388 4534 1413 4586 i·
1431 4535 1533 4588 mensis
1545 4536 1769 4604 Elepheholioni,
1788 4557 1841 4594 non
1970 4594 1972 4598 .

300 4621 484 4690 Thnrgelioni
504 4621 620 4674 ridetur.
658 4622 701 4674 cf.
711 4624 860 4675 Hermann.
878 4621 984 4690 griseh.
997 4620 1137 4673 Monutslt.
1152 4636 1178 4686 p.
1191 4625 1234 4682 60,
1255 4626 1283 4670 et
1296 4618 1330 4670 tle
1341 4619 1469 4699 Apolline
1493 4616 1665 4697 ἐβδομαγενεξ
1688 4640 1735 4690 qu.
1749 4624 1795 4680 cit.
1809 4626 1845 4694 td,

300 4707 447 4776 Antiquitt.
459 4724 529 4760 sacr.
541 4709 565 4771 §.
575 4712 610 4760 44
628 4714 685 4760 not.
700 4712 727 4760 6.
746 4716 774 4760 et
787 4708 945 4760 Blomliold.
958 4708 992 4760 ad
1010 4706 1142 4775 Aeschpl.
1155 4705 1231 4774 Sept.
1240 4712 1294 4760 etr.
1310 4705 1403 4761 Theb.
1415 4707 1505 4777 gloss.
1519 4723 1546 4761 v.
1560 4711 1622 4762 aot.
1681 4766 1683 4771 ,
