4312 5692
807 676 1140 797 ...ἒ-3,.

202 961 256 1011 sc.
273 930 336 1010 dv,
367 935 401 1009 h.
418 960 451 1009 e.
474 941 586 1020 χεῖρας
607 932 650 1018 μὴ
674 933 929 1020 ἀπονιψάμενος,
956 936 1061 1010 cuius
1090 934 1404 1033 interpretationis
1432 936 1623 1011 veritatem
1649 933 1750 1032 equi-

201 1074 279 1148 dem
302 1085 494 1172 praestare
514 1074 612 1165 nolo,
639 1071 706 1146 sed
735 1070 919 1169 placuisse
941 1097 1021 1146 eam
1042 1071 1237 1164 nonnullis,
1265 1084 1302 1146 et
1329 1071 1543 1170 placituram
1564 1069 1749 1167 hodieque

201 1211 262 1285 uni
279 1224 342 1285 aut
368 1210 487 1304 alteri,
510 1222 613 1284 certo
638 1208 728 1283 scio.
776 1208 1008 1283 Scholiastae
1030 1219 1152 1282 autem
1176 1210 1290 1282 verba
1305 1207 1362 1281 sic
1389 1207 1604 1306 refingcnda
1620 1218 1746 1281 erunt:

194 1342 300 1413 ’Άλλοι
320 1346 488 1432 γράφουσι
511 1344 700 1410 KhKOTHT'
720 1355 795 1426 ΙΔΕ,
816 1342 979 1414 κακότητα
1002 1335 1082 1409 εἶδεν
1103 1349 1169 1406 κτλ.
1215 1341 1273 1416 De
1288 1343 1402 1416 altera
1419 1343 1576 1417 lectione
1599 1340 1744 1420 κακότητ’

200 1476 266 1563 ἔπι,
289 1480 444 1580 eiusque
475 1479 782 1579 interpretatione
809 1502 881 1552 non
908 1504 1002 1577 opus
1030 1490 1088 1551 est
1110 1478 1195 1553 dici.
1249 1479 1487 1554 Aristarchus
1513 1476 1745 1553 hauddubie

201 1630 365 1692 neutram
392 1617 574 1716 probavit,
602 1617 668 1691 sed
689 1617 795 1691 obelo
823 1640 970 1709 versum
998 1613 1138 1689 notavit
1164 1627 1317 1712 propter
1342 1614 1627 1689 constructionis
1648 1613 1746 1687 inso-

201 1753 346 1827 lentiam
370 1753 650 1851 sententiaeque
685 1751 958 1827 obscuritatem.
1016 1749 1100 1825 lloc
1133 1762 1255 1825 autem
1282 1751 1452 1825 damnato
1488 1750 1596 1825 etiam
1621 1751 1746 1849 proxi-

200 1914 296 1964 mum
324 1888 466 1966 servari
494 1913 565 1962 non
587 1914 697 1987 posse
725 1888 955 1964 manifestum
982 1902 1050 1961 est.

364 2027 444 2102 Iam
469 2026 691 2126 percensitis
714 2026 771 2101 his
789 2038 956 2102 veterum
972 2024 1184 2100 criticorum
1210 2025 1456 2099 notationibus
1477 2036 1657 2124 quotquot
1683 2048 1747 2096 ex-

199 2175 276 2237 tant
296 2164 478 2256 omnihus
505 2163 593 2237 illud
618 2162 766 2261 quidem
782 2162 1014 2236 manifestum
1041 2162 1096 2256 fit,
1124 2164 1222 2262 quod
1237 2187 1352 2262 supra
1373 2163 1565 2262 proposui,
1588 2162 1635 2236 de
1658 2185 1745 2234 nou-

199 2300 306 2374 nullis
333 2300 424 2375 locis
454 2300 682 2399 corrigendis
711 2300 905 2374 autetiam
933 2298 1168 2374 removendis
1190 2301 1234 2372 ab
1258 2298 1304 2372 iis
1327 2298 1575 2397 disputatum
1597 2299 1644 2370 de
1672 2319 1745 2369 ma-

198 2435 337 2511 ioribus
365 2461 454 2512 vero
480 2437 650 2511 carminis
679 2437 845 2535 partibus
873 2446 935 2510 aut
960 2434 1151 2510 eiiciendis
1178 2445 1241 2507 aut
1267 2433 1373 2508 aliter
1400 2432 1612 2508 ordinandis
1636 2455 1746 2530 quae-

198 2572 306 2646 situm
336 2598 420 2646 esse
447 2572 545 2646 nullo
571 2571 707 2646 indicio
737 2571 991 2670 cognoscitur,
1023 2572 1090 2645 sed
1121 2570 1228 2668 quale
1256 2594 1322 2643 nos
1345 2593 1442 2644 nunc
1470 2568 1644 2668 legimus,
1673 2565 1744 2639 tale

199 2707 307 2781 etiarn
338 2708 389 2783 illi
420 2710 588 2806 legerunt
615 2719 671 2801 et,
700 2708 731 2783 si
765 2733 837 2783 non
866 2711 1087 2808 probarunt,
1121 2717 1223 2782 certe
1245 2707 1419 2781 tulerunt.
1475 2706 1606 2804 Neque
1634 2704 1742 2779 ullum

197 2843 409 2942 insignioris
441 2843 597 2916 alicuius
620 2843 845 2917 diversitatis
867 2844 1061 2941 vestigium
1084 2840 1378 2939 deprehenditur
1404 2841 1440 2911 in
1464 2841 1631 2938 plurimis
1658 2835 1742 2911 alio-

200 2999 279 3048 rum
303 2972 526 3071 scriptorum
552 2971 798 3058 citationibus,
825 2974 1040 3071 inquibus,
1068 2973 1099 3047 si
1127 2973 1216 3070 quid
1244 2973 1445 3071 evulgatis
1473 2971 1742 3072 exemplaribus

197 3109 403 3207 discrepat,
426 3110 496 3183 boc
520 3120 557 3183 et
579 3111 661 3183 leve
689 3120 746 3183 est
770 3109 981 3208 nulliusque
1007 3109 1052 3183 ad
1079 3109 1287 3185 universam
1308 3111 1461 3185 formam
1489 3110 1679 3205 momenti,
1704 3119 1741 3184 et

197 3244 305 3319 facile
330 3244 448 3319 ubivis
475 3244 653 3343 explicari
680 3256 815 3343 potest.
858 3244 936 3319 Sed
964 3270 1035 3320 non
1057 3258 1162 3321 vacat
1186 3271 1283 3321 nunc
1305 3249 1376 3324 hoc
1399 3249 1580 3350 exemplis
1595 3248 1739 3322 demon-

197 3396 329 3475 strare,
357 3405 478 3479 neque
505 3406 598 3479 opus
624 3390 682 3454 est
708 3380 745 3453 in
767 3405 809 3454 re
834 3381 982 3456 minime
1011 3385 1170 3459 obscura
1193 3396 1256 3459 aut
1282 3398 1532 3462 controversa.

364 3518 491 3586 llluo
524 3517 677 3606 igitur
712 3522 1102 3603 praevertemur,
1137 3522 1264 3607 quod
1295 3524 1489 3609 proprie
1524 3524 1602 3592 est
1628 3518 1740 3591 huie

197 3635 449 3722 scriptioni
471 3638 793 3723 propositum,
821 3641 875 3707 ut
896 3638 1167 3709 indicamus
1792 3676 1821 3749 r‘

626 3792 753 3894 Regis
781 3793 1076 3895 Augusllsslml
1104 3797 1341 3881 Naballulu·
1717 3812 1860 3967 ἢ

196 3961 275 4030 die
297 3963 511 4033 erastino
536 3965 657 4034 horo
670 3965 768 4033 ΧΠ
792 3964 844 4035 in
867 3965 1108 4035 auditorio
1128 3965 1319 4035 minore
1341 3966 1402 4035 ab
1424 3962 1739 4036 universitate

196 4084 364 4151 nostra
385 4082 480 4150 rite
505 4082 807 4152 celebranda.
850 4084 927 4153 Ad
948 4099 1093 4169 quem
1118 4085 1277 4151 actum
1301 4082 1571 4151 solemnem
1590 4082 1643 4149 ut
1659 4079 1740 4147 ad·

196 4215 309 4269 esse
330 4198 621 4284 trequentes
651 4201 808 4269 veiint
835 4201 1153 4288 magistratus
1182 4201 1349 4290 regios
1380 4205 1430 4270 et
1454 4199 1643 4270 urbicos
1672 4196 1739 4265 oi·

195 4318 323 4387 viles
347 4322 397 4387 et
427 4318 688 4399 militares,
716 4335 985 4405 omnesque
1019 4317 1237 4387 ommium
1261 4318 1484 4388 ordinum
1513 4318 1646 4388 cives
1669 4319 1739 4384 at·

195 4451 291 4520 que
318 4435 540 4523 hospites
569 4453 664 4521 qua
698 4436 838 4506 decet
874 4436 1188 4507 observantia
1222 4440 1273 4505 et
1306 4438 1580 4511 reverentia
1613 4432 1740 4505 invi·

194 4557 369 4624 tamus.

362 4709 455 4783 Dah.
472 4706 797 4808 Gryphiswaldiae
822 4708 858 4782 d.
873 4708 966 4784 xlv
995 4732 1042 4782 m.
1057 4707 1143 4782 0ct.
1157 4706 1425 4781 MDCCCLV.
