4312 5692
943 628 1016 714 19

194 877 249 948 ml
275 879 314 947 τὰ
335 880 492 978 ἕξῆςῗθ).
545 881 638 956 Nam
673 907 784 980 quum
819 883 863 957 in
898 883 1057 958 multis
1083 887 1358 984 exemplaribus
1384 888 1467 961 illos
1498 888 1593 962 duos
1617 913 1748 964 versus

194 1027 324 1090 extare
345 1015 446 1109 dicit,
472 1040 546 1090 oon
565 1018 609 1092 in
631 1019 842 1093 omnibus
866 1031 998 1094 extare
1020 1020 1214 1120 significet.
1267 1022 1420 1098 Scilicet
1433 1023 1559 1098 omissi
1580 1038 1686 1099 erant
1703 1027 1747 1099 ab

126 1162 128 1166 “
192 1151 250 1243 iis,
277 1151 340 1250 qui
364 1177 429 1227 eos
455 1155 604 1253 spurios
627 1179 711 1229 essa
733 1155 962 1230 iudicabant:
989 1181 1145 1254 quorum
1168 1155 1345 1231 iudicium
1369 1157 1478 1233 etiam
1502 1184 1523 1233 a
1545 1160 1745 1236 Plutarcho

193 1289 386 1385 probatum
420 1312 505 1364 esse
535 1316 583 1365 ex
622 1292 753 1366 eodem
781 1293 917 1368 Proclo
944 1291 1133 1367 discimus.
1162 1335 1215 1348 -
1262 1294 1561 1394 lnterpolationis
1596 1299 1748 1398 vestigia

193 1424 385 1500 manifesta
400 1448 555 1502 necnon
571 1451 593 1501 a
607 1429 795 1503 veteribus
811 1427 950 1503 criticis
961 1428 1216 1503 animadversa
1225 1429 1748 1533 deprehendimusvdibsqqss

524 1562 734 1649 Μουνογενῆς
753 1562 788 1630 dh
806 1563 881 1640 ercisc
901 1557 947 1644 εἴη
968 1563 1127 1648 πατρώιον
1150 1556 1242 1630 οἷκον

525 1678 698 1765 φέρβεμεν·
720 1671 764 1757 uic
782 1678 850 1766 γὰρ
867 1681 1002 1756 πλοῦτος
1023 1681 1147 1764 ἀέξεται
1168 1682 1202 1747 ἐν
1222 1682 1405 1768 μεγάροισι.

524 1796 659 1883 γηραιὸς
681 1796 715 1865 al
738 1798 854 1876 &cincre
875 1794 980 1883 ἕτερον
1003 1797 1085 1866 παῖδ’
1109 1797 1358 1884 ἐγκαταλείπων.

193 1938 349 2012 quorum
371 1929 599 2015 postremum
624 1943 696 1994 uon
723 1919 832 1994 modo
860 1944 881 1992 a
907 1919 1044 1994 Proclo
1072 1944 1205 2017 eoque,
1233 1918 1396 2018 quernis
1424 1929 1612 1996 auctorem
1640 1926 1744 2021 sequi

192 2051 304 2145 solet,
342 2052 564 2148 Plutarcho,
598 2056 665 2130 sed
696 2056 804 2130 etiam
840 2057 884 2128 ab
921 2054 1138 2129 Aristarcho
1173 2056 1381 2130 damnatum
1410 2055 1555 2129 esseio
1583 2055 1745 2134 'l’zetzae

193 2186 342 2262 scholiis
370 2188 545 2288 legimuss
572 2190 602 2254 οἱ
619 2188 685 2275 περὶ
701 2189 847 2274 Πρόκλον
868 2187 924 2255 καὶ
938 2188 1152 2274 Ἀρίσταρχον
1171 2181 1190 2270 ἢ
1209 2188 1420 2274 Πλούταρχον
1442 2189 1633 2271 ἀδιανόητον
1654 2193 1745 2259 τοῦτό

192 2346 295 2402 φασιν
317 2316 396 2388 εἶναι
425 2320 481 2391 καὶ
511 2326 671 2411 περισσόν.
726 2327 956 2426 Quamquam
992 2326 1039 2401 de
1073 2326 1290 2401 Aristarcho
1325 2351 1387 2401 res
1421 2351 1493 2400 non
1526 2327 1617 2400 satis
1644 2342 1746 2405 certa

193 2472 271 2533 est:
298 2472 429 2534 namet
444 2461 552 2536 deest
573 2462 655 2537 eius
676 2488 811 2537 nomen
828 2487 996 2537 unacum
1020 2455 1043 2540 rt
1062 2461 1320 2536 coniunctione
1336 2461 1374 2536 in
1388 2463 1526 2561 aliquot
1543 2464 1746 2562 codicibus,

190 2617 310 2693 neque
333 2595 370 2669 in
396 2595 454 2691 iis,
482 2622 577 2696 quae
603 2623 698 2673 nunc
726 2599 908 2690 feruntur,
936 2597 1062 2671 Procli
1083 2596 1236 2672 scholiis
1255 2597 1476 2698 legitur30),
1501 2610 1542 2672 nt
1558 2600 1743 2676 coniicere

190 2728 320 2821 liceat,
353 2735 508 2807 subesse
537 2734 695 2833 aliquem
729 2733 869 2809 librarii
903 2758 1090 2827 errorem,
1126 2733 1187 2832 qui
1224 2758 1334 2831 quum
1370 2733 1591 2832 ambigeret,
1625 2736 1744 2811 utrius

190 2888 336 2949 nomen,
360 2866 553 2938 Plutarchi
577 2891 621 2938 au
646 2867 872 2956 Aristarchi,
896 2868 933 2936 in
961 2890 1020 2956 eo,
1047 2865 1146 2961 quod
1174 2865 1428 2957 describebat,
1456 2867 1628 2966 exemplo
1653 2870 1745 2943 scri·

190 3008 292 3096 ptum
315 3007 434 3092 esset,
464 3011 661 3097 utrumque
688 3020 829 3097 ponere
856 2996 1037 3071 maluerit.
1091 2995 1187 3071 Utut
1216 3009 1290 3083 est,
1314 2996 1502 3095 indignum
1530 3013 1632 3077 certe
1659 3005 1745 3080 Ari-

191 3133 338 3209 starcho
360 3133 536 3209 iudicium
565 3135 612 3209 de
638 3133 708 3208 hoc
730 3157 841 3208 versu
867 3157 975 3207 nemo
1000 3131 1156 3206 dixerit:
1181 3155 1264 3205 nam
1284 3154 1450 3229 pugnare
1469 3131 1562 3208 haec
1583 3134 1680 3211 inter
1702 3163 1744 3214 se

191 3268 373 3363 videntur,
387 3270 570 3355 μουνογενῆ
584 3271 620 3342 h.
633 3294 667 3343 e.
682 3267 909 3367 unigenitum
922 3266 1038 3341 lilium
1049 3267 1247 3365 optandum
1265 3290 1361 3360 esse,
1371 3276 1537 3343 attamen
1548 3270 1742 3349 altarum

192 3430 338 3504 quoque
362 3416 622 3504 postmortem
644 3403 948 3502 relinquendum:
975 3413 1084 3476 erunt
1104 3400 1200 3476 enim
1224 3401 1278 3476 sic
1303 3402 1388 3476 duo.
1440 3401 1522 3476 Nisi
1544 3405 1640 3480 forte
1660 3406 1742 3507 quis

192 3554 330 3634 sumat,
364 3540 590 3639 unigenitum
620 3538 800 3638 tantisper
833 3538 1032 3637 optandum
1060 3537 1154 3629 dici,
1188 3538 1307 3612 donec
1341 3564 1403 3614 res
1436 3540 1624 3617 familiaris
1652 3541 1741 3618 satis

191 3689 300 3752 aucta
325 3676 450 3771 suerit,
477 3688 518 3752 ut
541 3676 573 3750 is
596 3673 728 3750 dimitti
751 3700 772 3748 e
801 3673 909 3749 domo
934 3685 1085 3773 paterna
1111 3698 1273 3774 suosque
1301 3674 1370 3749 sibi
1392 3676 1491 3751 laras
1513 3676 1740 3753 constituere

190 3813 321 3912 possit,
347 3826 435 3888 tunc
458 3824 579 3888 autem
607 3812 762 3885 alterurn
791 3810 1081 3910 procreandum,
1109 3810 1171 3909 qui
1198 3820 1462 3910 postmortem
1488 3811 1603 3926 patris
1629 3815 1740 3888 heres

356 4003 405 4068 29)
442 4004 525 4054 Deest
543 4001 629 4070 vulgo
648 4000 748 4066 copula
765 4005 829 4050 suto
847 4014 958 4050 vorsum
977 3997 1107 4060 sitarum,
1126 4014 1209 4064 quom
1222 3998 1330 4051 addidit
1341 3997 1484 4052 Vollbehr.
1521 3998 1645 4051 Alterum
1663 4015 1741 4052 mss·

191 4089 255 4140 dum
277 4091 330 4140 sois
350 4112 384 4129 -
403 4091 556 4156 φερομένοις
575 4085 631 4137 iam
652 4083 882 4153 wyttenbachius
901 4081 1028 4142 correxit,
1048 4081 1082 4132 ad
1103 4081 1244 4139 Plutarch.
1263 4092 1328 4136 tons.
1341 4084 1397 4146 Va
1421 4086 1514 4150 psat.

358 4174 406 4237 30)
442 4173 482 4225 Na
501 4171 668 4223 Plutarchus
687 4169 798 4237 quidem
817 4167 984 4228 corrrinatur,
1004 4168 1051 4218 sed
1071 4166 1172 4220 dicitnr
1189 4170 1372 4237 simpliciter:
1390 4163 1421 4222 sci
1437 4164 1467 4222 dd
1483 4186 1512 4238 ys
1529 4163 1689 4237 „ysoardo
1707 4165 1741 4222 dd

192 4261 342 4317 θάνως’*
359 4264 566 4328 παρέγγραπτον
582 4255 618 4312 uis
636 4252 805 4323 ὀδιατόητον.
842 4256 963 4322 Appsret
980 4254 1064 4306 etism
1084 4254 1138 4306 hoc
1155 4254 1269 4317 iudicio,
1290 4254 1635 4314 sereWolflumiudicsrc,
1655 4272 1740 4323 quum

191 4348 274 4405 dicat,
292 4349 326 4399 ad
347 4346 424 4399 Scns.
440 4363 466 4412 p.
477 4347 525 4394 82:
545 4360 601 4406 „ne
620 4343 736 4394 Procles
755 4341 865 4408 quidam
885 4340 1003 4410 integer,
1021 4340 1068 4390 sod
1088 4341 1123 4391 sb
1142 4339 1243 4407 ineptis
1255 4339 1400 4392 Graeculis
1418 4341 1458 4393 ita
1477 4349 1620 4408 excerptus
1639 4347 1666 4395 et
1682 4340 1741 4393 dis-

191 4440 318 4499 cecptos‚
349 4431 394 4482 vls
420 4441 451 4482 nt
474 4444 594 4496 unquam
613 4427 667 4479 visi
685 4426 835 4479 doctrinam
859 4428 1032 4494 agnoscas.“
1066 4424 1130 4477 Alis
1147 4427 1287 4493 exempla,
1310 4427 1412 4493 quihus
1430 4435 1576 4495 appstolis,
1601 4426 1741 4479 s'l'sstss

191 4517 283 4569 sdhnc
300 4518 372 4569 lecta
391 4533 453 4567 csse
472 4515 499 4566 in
520 4513 613 4566 Procli
633 4512 849 4574 commentario,
868 4528 938 4580 quse
957 4511 1040 4564 hodie
1059 4529 1111 4564 nou
1130 4512 1251 4581 emplius
1271 4512 1415 4582 leguntur,
1433 4513 1548 4566 suntad
1566 4515 1738 4567 cenent.

193 4605 228 4656 Et
247 4606 335 4656 multa
354 4603 454 4655 Proclo
474 4601 646 4658 tribuuntur.
673 4617 743 4667 quac
761 4601 796 4651 ab
820 4598 869 4651 illo
893 4599 979 4651 scribi
1004 4617 1057 4653 non
1081 4597 1206 4668 potuisse
1230 4596 1410 4650 manifestum
1435 4594 1481 4648 sit.
1518 4596 1605 4650 Unum
1627 4595 1739 4678 quidam

191 4698 296 4751 soum,
315 4704 370 4757 qns
386 4687 535 4740 Psocllsns
547 4685 675 4756 dignosci
694 4686 729 4737 sb
747 4685 846 4738 alienis
863 4685 979 4754 possint,
997 4685 1122 4737 llsnlrius
1140 4683 1282 4747 iudicavit,
1300 4682 1454 4736 commeat.
1473 4682 1508 4735 do
1524 4683 1591 4735 llss.
1608 4682 1644 4734 0.
1663 4690 1692 4736 st
1704 4683 1739 4736 u.

193 4776 319 4846 Gottiug.
339 4778 417 4838 1838,
434 4792 460 4841 p.
472 4776 504 4837 43
523 4774 572 4825 scd
592 4788 626 4827 es
641 4788 693 4824 uos
711 4771 830 4837 suflicit,
849 4789 952 4841 resque
970 4771 1174 4826 accuratiorem
1193 4770 1285 4824 sdhnc
1304 4766 1511 4837 iaquisitionem
1530 4767 1660 4836 postulat.
