4312 5692
1043 639 1377 759 ...ἐξ--

435 903 547 968 tatem
576 892 614 967 in
643 893 701 968 his
730 893 916 968 versibus
936 896 1030 968 esse
1048 894 1349 990 criminarentur,
1375 917 1506 995 parum
1538 895 1851 974 accommodatam
1880 900 1991 977 veba-

432 1030 615 1105 mentiori·
628 1028 737 1104 animi
759 1029 1006 1125 commotioni,
1028 1056 1136 1132 quam
1158 1033 1362 1132 proderent
1382 1056 1471 1107 mox
1485 1038 1617 1108 versus
1635 1033 1721 1107 174.
1736 1036 1773 1128 5,
1794 1035 1857 1110 ubi
1876 1049 1989 1135 poeta

432 1164 474 1241 se
501 1166 649 1266 quintae
675 1165 808 1240 aetatis
816 1168 834 1260 ,'
854 1190 927 1266 qua
952 1166 1178 1266 ipse‘vivat,
1194 1173 1305 1242 'tanto
1329 1166 1452 1242 medio
1467 1165 1650 1241 affecmm
1678 1192 1765 1241 esse
1792 1169 1987 1265 exclamat,

393 1337 397 1343 ·
432 1312 473 1385 ut
497 1311 561 1377 aut
585 1311 670 1376 ante
693 1326 774 1376 eam
798 1312 978 1395 mortuus,
1003 1309 1067 1378 aut
1087 1303 1380 1403 postea‘demum
1395 1302 1605 1378 nasciturus
1621 1328 1706 1378 esse
1720 1305 1831 1380 malit.
1876 1306 1986 1407 Quae

433 1450 555 1515 autem
583 1464 696 1539 porro
724 1438 822 1539 apud
850 1439 1024 1514 Proclum
1049 1439 1243 1538 leguntum
1260 1437 1312 1515 ’ὡς
1338 1437 1406 1526 γὰρ
1435 1437 1631 1523 dromedas?
1647 1440 1692 1514 εἰς
1718 1436 1753 1505 τὸ
1783 1439 1851 1507 κατ’
1883 1438 1985 1509 αὐτὸν

432 1574 496 1639 νῶν
514 1571 697 1659 ἀνθρώπων
718 1572 815 1661 γένος
833 1569 916 1658 μετὰ
935 1572 993 1654 γὴν
1014 1573 1188 1658 &admoto
1207 1573 1261 1655 γῆς
1280 1572 1343 1639 τῶν
1360 1570 1504 1657 miratos
1524 1571 1642 1656 λήξεως
1664 1571 1788 1660 ἐπάγει·

438 1703 456 1711 ”
728 1691 797 1759 174.
840 1691 948 1777 μηκέτ’
972 1685 1059 1758 ἔπειτ’
1083 1685 1218 1775 ὄφειλον
1240 1688 1306 1778 lyci
1327 1691 1493 1775 πέμπτοισι
1514 1695 1657 1776 μετεῖναι
1788 1726 1793 1731 ·

726 1809 797 1878 175.
840 1809 1012 1896 ἀνδράσιν,
1033 1810 1101 1876 ἀλλ’
1126 1802 1145 1891 ἢ
1166 1809 1289 1895 πρόσθε
1310 1815 1426 1887 θανεῖν
1446 1800 1465 1890 ii
1487 1802 1591 1874 ἔπειτα
1610 1807 1778 1896 γενέσθαι.

430 1930 523 2004 baec
554 1927 608 2004 sic
633 1953 707 2004 non
734 1939 839 2004 recte
864 1929 1051 2030 superiori
1080 1928 1304 2004 annotationi
1334 1927 1528 2029 subiuncta
1553 1952 1638 2001 esse
1671 1937 1837 2033 apparet,
1889 1927 1984 2029 Nam

431 2077 586 2165 propter
620 2067 805 2141 causalem
840 2064 1136 2141 coniunctionem
1156 2062 1225 2149 γάρ
1253 2073 1494 2163 expectamus
1521 2059 1700 2136 rationem
1729 2061 1810 2136 eius
1841 2032 1982 2159 iudicii,

431 2201 530 2300 quod
555 2200 606 2275 ibi
632 2215 958 2289 commemoratum
982 2211 1051 2294 est,
1076 2200 1222 2273 allatum
1244 2197 1311 2292 iri3
1336 2197 1376 2273 id
1402 2197 1525 2272 autem
1545 2222 1618 2273 non
1636 2197 1733 2293 fieri,
1761 2196 1829 2272 sed
1847 2173 1982 2300 opponi

430 2338 555 2437 potius
583 2336 721 2443 aliquid
755 2337 944 2432 videmus,
979 2362 1052 2436 quo
1083 2347 1195 2435 poeta
1225 2345 1354 2409 contra
1386 2333 1533 2442 iniquos
1567 2331 1711 2409 iudices
1744 2332 1982 2412 defendaturr

430 2473 524 2549 banc
539 2472 669 2572 ipsam,
695 2497 803 2573 quam
823 2473 876 2548 illi
900 2473 1194 2565 criminarentur,
1219 2447 1532 2571 praedicationem
1554 2472 1684 2545 beatae
1698 2471 1809 2546 sortis
1827 2472 1982 2548 heroum

431 2606 505 2693 (rip
527 2576 701 2695 ἐξύμνησιυ
723 2608 777 2690 «ἧς
798 2608 860 2674 τῶν
880 2607 1024 2692 baraton
1045 2606 1196 2691 λήξεως),
1222 2606 1428 2706 horumque
1444 2602 1690 2681 conditionem
1711 2618 1782 2681 tam
1797 2607 1982 2684 diversam

432 2746 476 2817 ab
503 2741 563 2817 sui
587 2743 766 2844 temporis
793 2743 1101 2843 miseriapoetae
1125 2742 1285 2817 animum
1311 2741 1565 2818 vehementius
1593 2741 1854 2837 commovisse,
1881 2744 1980 2819 utin

429 2877 522 2959 haec
546 2875 657 2947 verba
671 2884 897 2970 erumperet,
918 2873 1024 2955 μηκέτ’
1048 2868 1135 2935 ἔπειτ’
1157 2867 1304 2952 ὄφειλον,
1327 2886 1365 2944 et
1379 2898 1473 2970 quae
1488 2863 1704 2971 sequuntur.
1742 2878 1980 2955 Manifestum

430 3020 488 3087 est
515 3008 627 3109 igitur
648 3006 685 3082 in
706 3007 834 3084 Procli
857 3005 997 3082 scholio
1020 3014 1106 3105 post
1127 3015 1451 3081 commemoratum
1477 3007 1632 3083 aliorum
1653 3008 1829 3086 iudicium
1844 3010 1980 3111 aliquid

431 3145 631 3239 excidisse,
659 3171 730 3245 quo
755 3144 825 3219 sibi
844 3143 934 3218 illud
962 3141 1165 3241 improbari
1188 3140 1425 3240 significaret,
1453 3144 1572 3218 velutz
1596 3141 1663 3209 ἀλλ’
1688 3142 1752 3210 οὐκ
1772 3142 1878 3231 dordr
1899 3144 1980 3212 ὑπει.

429 3280 573 3366 aionon
593 3281 653 3356 vel
666 3282 739 3356 tale
766 3279 866 3381 quid.
909 3279 981 3355 Est
994 3290 1116 3355 autem
1132 3277 1203 3352 alia
1224 3277 1377 3377 insuper
1391 3281 1603 3381 corruptela
1621 3280 1794 3355 tollenda.
1813 3365 1816 3370 ,
1836 3280 1982 3383 Nempe
2077 3318 2078 3321 ¹

428 3417 600 3502 ἕξύμνησις
625 3417 704 3509 illa,
737 3440 846 3514 quam
872 3391 1036 3491 nonnulli
1066 3427 1108 3489 ut
1136 3391 1242 3488 nimis
1269 3415 1462 3514 loquacem
1489 3416 1607 3491 deleri
1634 3416 1832 3512 ,volebant,
1865 3386 1980 3496 hand

430 3576 611 3652 quaquam
635 3550 693 3624 his
716 3562 856 3626 tontum
883 3552 1028 3641 duobus
1055 3536 1234 3626 versibus
1249 3549 1470 3646 continetur,
1501 3552 1671 3651 quisunt
1699 3553 1886 3650 169.170,
1912 3557 1980 3633 sed

428 3687 591 3788 pertinet
617 3688 801 3786 usquead
829 3688 964 3764 v.174.
1017 3687 1148 3786 Itaque
1171 3687 1209 3760 iu
1239 3686 1422 3787 principio
1450 3687 1580 3763 scholii
1610 3712 1682 3763 nou
1704 3688 1817 3754 codron
1837 3689 1894 3759 καὶ
1916 3692 1980 3761 τὸν

430 3824 511 3907 ἑξῆς,
533 3824 599 3898 sed
622 3818 810 3895 τοῦτονκαὶ
831 3821 1013 3906 vobridio
1034 3821 1271 3899 scribendum
1292 3832 1362 3896 est.
1413 3822 1458 3897 In
1480 3820 1571 3927 ipsis
1594 3834 1716 3898 autem
1741 3833 1875 3923 poetae
1898 3854 1979 3905 ver-

429 3960 532 4036 sibus
555 3984 629 4073 non
655 3970 780 4059 potest
803 3957 974 4052 dubitari,
1002 3958 1090 4057 quin
1110 3945 1213 4034 recte
1237 3982 1257 4032 a
1278 3957 1548 4034 recentioribus
1568 3959 1771 4037 editoribus
1791 3964 1979 4065 plerisque

429 4093 630 4180 ἐμβασιλεύει
652 4097 833 4196 scriptum
845 4095 895 4170 sit
908 4120 975 4194 pro
991 4119 1051 4203 eo,
1074 4095 1171 4196 quod
1184 4095 1223 4170 in
1237 4092 1426 4170 codicibus
1439 4078 1569 4170 entare
1583 4095 1981 4183 diciturtmaauwuu.

429 4230 536 4326 Nam,
557 4231 635 4308 nisi·
650 4231 732 4331 quis
755 4201 851 4307 forte
875 4208 990 4307 totum
1012 4231 1110 4308 bunc
1132 4256 1281 4340 versum
1303 4242 1344 4306 ut
1363 4229 1564 4309 insiticium
1588 4232 1723 4329 eiiciat,
1747 4279 1792 4290 —
1816 4246 1855 4312 et
1876 4238 1980 4312 abest

593 4569 641 4637 26)
677 4571 802 4623 Praeivit
825 4572 1045 4625 emendationem
1075 4570 1228 4634 Graevius,
1258 4571 1348 4628 Lectt.
1369 4573 1660 4641 {testamentus
1677 4573 1788 4639 boatu„
1813 4574 1980 4643 adoptarunt

429 4657 616 4718 Scbrevalioa,
635 4657 778 4722 llrebaiuo,
802 4658 995 4722 Buttmaunua,
1016 4658 1217 4729 Goattlingiuo,
1236 4658 1372 4715 Lebrsius
1394 4668 1520 4729 uterque,
1542 4659 1730 4726 t'ottbehrim,
1748 4667 1776 4715 ct
1793 4659 1980 4717 altisonam

430 4743 534 4812 plorat,
553 4744 588 4796 de
605 4743 707 4812 quibas
727 4760 859 4813 quaerere
878 4752 948 4799 nunt:
964 4760 1019 4798 non
1035 4740 1126 4799 cacat.
1699 4737 1710 4754 '⁸
